@masterthesis{vmdn1,
	title = "{The Virtual Machine Delivery Network}",
	author = "Maarten Fonville",
	school = "University of Twente",
	year = "2014",	
}

@online{graph500-specs, 
  OPTauthor  = {Graph500},
  title   = {Graph 500 Benchmark 1 (``Search'') | Graph 500}, 
  url     = {http://www.graph500.org/specifications}, 
  urldate = {2014-06-02}, 
}

@inproceedings{chakthranont2014exploring,
  title={Exploring the Performance Impact of Virtualization on an HPC Cloud},
  author={Chakthranont, Nuttapong and Khunphet, Phonlawat and Takano, Ryousei and Ikegami, Tsutomu},
  booktitle={Cloud Computing Technology and Science (CloudCom), 2014 IEEE 6th International Conference on},
  pages={426--432},
  year={2014},
  organization={IEEE}
}

@article{murphy2010introducing,
  title={Introducing the graph 500},
  author={Murphy, Richard C and Wheeler, Kyle B and Barrett, Brian W and Ang, James A},
  journal={Cray Userâ€™s Group (CUG)},
  year={2010}
}

@article{beamer2011searching,
  title={Searching for a parent instead of fighting over children: A fast breadth-first search implementation for graph500},
  author={Beamer, Scott and Asanovic, Krste and Patterson, David A},
  journal={EECS Department, University of California, Berkeley, Tech. Rep. UCB/EECS-2011-117},
  year={2011},
  publisher={Citeseer}
}
@online{graph500-code, 
  OPTauthor  = {Graph500},
  title   = {Graph 500 Reference Implementations | Graph 500}, 
  url     = {http://www.graph500.org/referencecode}, 
  urldate = {2014-06-02}, 
}
@inproceedings{ueno2012highly,
  title={Highly scalable graph search for the graph500 benchmark},
  author={Ueno, Koji and Suzumura, Toyotaro},
  booktitle={Proceedings of the 21st international symposium on High-Performance Parallel and Distributed Computing},
  pages={149--160},
  year={2012},
  organization={ACM}
}

@article{leskovec2010kronecker,
  title={Kronecker graphs: An approach to modeling networks},
  author={Leskovec, Jure and Chakrabarti, Deepayan and Kleinberg, Jon and Faloutsos, Christos and Ghahramani, Zoubin},
  journal={The Journal of Machine Learning Research},
  volume={11},
  pages={985--1042},
  year={2010},
  publisher={JMLR. org}
}
@inproceedings{suzumura2011performance,
  title={Performance characteristics of Graph500 on large-scale distributed environment},
  author={Suzumura, Toyotaro and Ueno, Koji and Sato, Hitoshi and Fujisawa, Katsuki and Matsuoka, Satoshi},
  booktitle={Workload Characterization (IISWC), 2011 IEEE International Symposium on},
  pages={149--158},
  year={2011},
  organization={IEEE}
}

@techreport{angel2012graph,
  title={Graph 500 performance on a distributed-memory cluster},
  author={Angel, Jordan B and Flores, Amy M and Heritage, Justine S and Wardrip, Nathan C and Raim, Andrew M and Gobbert, MK and Murphy, RC and Mountain, DJ},
  year={2012},
  institution={Citeseer}
}


@online{infiniband, 
  OPTauthor  = {Wikipedia},
  title   = {InfiniBand - Wikipedia, the free encyclopedia}, 
  url     = {https://en.wikipedia.org/wiki/InfiniBand}, 
  urldate = {2014-17-06}, 
}


@online{das-4, 
	OPTauthor  = {DAS-4},
	title   = {DAS-4: Distributed ASCI Supercomputer 4}, 
	url     = {http://www.cs.vu.nl/das4/}, 
	urldate = {2014-21-06}, 
}

@online{opennebula, 
	OPTauthor  = {OpenNebula},
	title   = {OpenNebula |   About the Technology}, 
	url     = {http://opennebula.org/about/technology/
	}, 
	urldate = {2014-21-06}, 
}

