@masterthesis{vmdn1,
	title = "{The Virtual Machine Delivery Network}",
	author = "Maarten Fonville",
	school = "University of Twente",
	year = "2014",	
}

@online{graph500-specs, 
  OPTauthor  = {Graph500},
  title   = {Vagrant Homepage}, 
  url     = {http://www.graph500.org/specifications}, 
  urldate = {2014-06-02}, 
}

@inproceedings{chakthranont2014exploring,
  title={Exploring the Performance Impact of Virtualization on an HPC Cloud},
  author={Chakthranont, Nuttapong and Khunphet, Phonlawat and Takano, Ryousei and Ikegami, Tsutomu},
  booktitle={Cloud Computing Technology and Science (CloudCom), 2014 IEEE 6th International Conference on},
  pages={426--432},
  year={2014},
  organization={IEEE}
}

@article{murphy2010introducing,
  title={Introducing the graph 500},
  author={Murphy, Richard C and Wheeler, Kyle B and Barrett, Brian W and Ang, James A},
  journal={Cray Userâ€™s Group (CUG)},
  year={2010}
}

@article{beamer2011searching,
  title={Searching for a parent instead of fighting over children: A fast breadth-first search implementation for graph500},
  author={Beamer, Scott and Asanovic, Krste and Patterson, David A},
  journal={EECS Department, University of California, Berkeley, Tech. Rep. UCB/EECS-2011-117},
  year={2011},
  publisher={Citeseer}
}


